@article{Grober:2014aha,
    author = "Gröber, R. and Mühlleitner, Margarete M. and Popenda, E. and Wlotzka, A.",
    title = "{Light Stop Decays: Implications for LHC Searches}",
    eprint = "1408.4662",
    archivePrefix = "arXiv",
    primaryClass = "hep-ph",
    doi = "10.1140/epjc/s10052-015-3626-z",
    journal = "Eur. Phys. J. C",
    volume = "75",
    pages = "420",
    year = "2015"
}